<?xml version="1.0" encoding="UTF-8"?><collection xmlns="http://www.loc.gov/MARC21/slim"><record><leader>00350nam--2200121-i-4500</leader><controlfield tag="001">000003609</controlfield><controlfield tag="002">20161230</controlfield><controlfield tag="005">20161230201025</controlfield><controlfield tag="008">060222s1000------------r-----000-0-eng-d</controlfield><datafield ind1=" " ind2=" " tag="245"><subfield code="a">Taschenbuch fur chemiker und physiker. 2-te, berichtigte auflage. herausgegeben von</subfield></datafield><datafield ind1=" " ind2=" " tag="260"><subfield code="a">Berlin, Springer-verlag, 1949</subfield></datafield><datafield ind1=" " ind2=" " tag="490"><subfield code="a">Viii+1896p</subfield></datafield><datafield ind1=" " ind2=" " tag="700"><subfield code="a">D Ans, Jean</subfield></datafield></record></collection>